<record><leader>00000cas a22000007a 4500</leader><controlfield tag="001">9399206</controlfield><controlfield tag="008">830412d19812000mnuwr ne      0   a0eng d</controlfield><datafield ind1=" " ind2=" " tag="010"><subfield code="a">sn 83000672 </subfield></datafield><datafield ind1=" " ind2=" " tag="040"><subfield code="a">NSD</subfield><subfield code="b">eng</subfield><subfield code="c">NSD</subfield><subfield code="d">MN#</subfield><subfield code="d">DLC</subfield><subfield code="d">OCL</subfield><subfield code="d">OCLCQ</subfield><subfield code="d">OCLCF</subfield><subfield code="d">OCLCO</subfield></datafield><datafield ind1=" " ind2=" " tag="012"><subfield code="m">1</subfield></datafield><datafield ind1="1" ind2=" " tag="022"><subfield code="a">0745-6808</subfield><subfield code="l">0745-6808</subfield><subfield code="2">1</subfield></datafield><datafield ind1="1" ind2=" " tag="029"><subfield code="a">AU@</subfield><subfield code="b">000020263654</subfield></datafield><datafield ind1=" " ind2=" " tag="032"><subfield code="a">165020</subfield><subfield code="b">USPS</subfield></datafield><datafield ind1=" " ind2=" " tag="042"><subfield code="a">nsdp</subfield></datafield><datafield ind1=" " ind2=" " tag="043"><subfield code="a">n-us-mn</subfield></datafield><datafield ind1=" " ind2=" " tag="052"><subfield code="a">4144</subfield><subfield code="b">A8</subfield><subfield code="b">H85</subfield></datafield><datafield ind1=" " ind2=" " tag="052"><subfield code="a">4143</subfield><subfield code="b">S2</subfield></datafield><datafield ind1=" " ind2="0" tag="222"><subfield code="a">Aurora-Hoyt Lakes Range facts</subfield></datafield><datafield ind1="0" ind2="0" tag="245"><subfield code="a">Aurora-Hoyt Lakes Range facts.</subfield></datafield><datafield ind1="3" ind2=" " tag="246"><subfield code="a">Aurora Hoyt Lakes Range facts</subfield></datafield><datafield ind1="0" ind2="3" tag="246"><subfield code="a">Range facts</subfield></datafield><datafield ind1="1" ind2="3" tag="246"><subfield code="a">A.-H.L. Range facts</subfield></datafield><datafield ind1="1" ind2="7" tag="246"><subfield code="a">A-HL Range facts</subfield></datafield><datafield ind1=" " ind2=" " tag="260"><subfield code="a">Aurora, Minn. :</subfield><subfield code="b">CNH Pub., Inc.,</subfield><subfield code="c">1981-2000.</subfield></datafield><datafield ind1=" " ind2=" " tag="300"><subfield code="a">v.</subfield></datafield><datafield ind1=" " ind2=" " tag="310"><subfield code="a">Weekly</subfield></datafield><datafield ind1="0" ind2=" " tag="362"><subfield code="a">Vol. 48, no. 45 (Nov. 13, 1981)-v. 66, no. 40 (Oct. 5, 2000).</subfield></datafield><datafield ind1=" " ind2=" " tag="530"><subfield code="a">Available on microfilm from the Minnesota Historical Society.</subfield></datafield><datafield ind1=" " ind2=" " tag="580"><subfield code="a">Merged with: Biwabik times, to form: Range times.</subfield></datafield><datafield ind1=" " ind2="0" tag="651"><subfield code="a">Aurora (Minn.)</subfield><subfield code="v">Newspapers.</subfield></datafield><datafield ind1=" " ind2="0" tag="651"><subfield code="a">Hoyt Lakes (Minn.)</subfield><subfield code="v">Newspapers.</subfield></datafield><datafield ind1=" " ind2="0" tag="651"><subfield code="a">Saint Louis County (Minn.)</subfield><subfield code="v">Newspapers.</subfield></datafield><datafield ind1=" " ind2="7" tag="655"><subfield code="a">Newspapers.</subfield><subfield code="2">fast</subfield><subfield code="0">(OCoLC)fst01423814</subfield></datafield><datafield ind1=" " ind2="7" tag="651"><subfield code="a">Minnesota</subfield><subfield code="z">Aurora.</subfield><subfield code="2">fast</subfield><subfield code="0">(OCoLC)fst01254074</subfield></datafield><datafield ind1=" " ind2="7" tag="651"><subfield code="a">Minnesota</subfield><subfield code="z">Hoyt Lakes.</subfield><subfield code="2">fast</subfield><subfield code="0">(OCoLC)fst01227768</subfield></datafield><datafield ind1=" " ind2="7" tag="651"><subfield code="a">Minnesota</subfield><subfield code="z">Saint Louis County.</subfield><subfield code="2">fast</subfield><subfield code="0">(OCoLC)fst01221320</subfield></datafield><datafield ind1=" " ind2=" " tag="752"><subfield code="a">United States</subfield><subfield code="b">Minnesota</subfield><subfield code="c">Saint Louis</subfield><subfield code="d">Aurora.</subfield></datafield><datafield ind1=" " ind2=" " tag="752"><subfield code="a">United States</subfield><subfield code="b">Minnesota</subfield><subfield code="c">Saint Louis</subfield><subfield code="d">Hoyt Lakes.</subfield></datafield><datafield ind1="0" ind2="0" tag="780"><subfield code="t">Range facts (Aurora, Minn.)</subfield><subfield code="w">(DLC)sn 90059114</subfield><subfield code="w">(OCoLC)20975052</subfield></datafield><datafield ind1="1" ind2="7" tag="785"><subfield code="t">Biwabik times (DLC)sn 89081125</subfield><subfield code="w">(OCoLC)1536514</subfield></datafield><datafield ind1="1" ind2="7" tag="785"><subfield code="t">Range times</subfield><subfield code="w">(OCoLC)45258899</subfield></datafield></record>